@article{multistrategy,
	author = {Xia Wang and Lin Huang and Qing Zou},
	title = "{The Research on Multi-Strategy Course Scheduling Algorithm}",
	journal ={Information Science and Engineering, International Conference on},
	volume = {0},
	isbn = {978-0-7695-3887-7},
	year = {2009},
	pages = {2419-2422},
	doi = {http://doi.ieeecomputersociety.org/10.1109/ICISE.2009.1281},
	publisher = {IEEE Computer Society},
	address = {Los Alamitos, CA, USA},
}

@article{spiral,
	author = {Barry W. Boehm},
	title = {A Spiral Model of Software Development and Enhancement},
	journal ={Computer},
	volume = {21},
	issn = {0018-9162},
	year = {1988},
	pages = {61-72},
	doi = {http://doi.ieeecomputersociety.org/10.1109/2.59},
	publisher = {IEEE Computer Society},
	address = {Los Alamitos, CA, USA},
}

@Book{Luke2009Metaheuristics, 
       author =    { Sean Luke }, 
       title =     { Essentials of Metaheuristics },
       year =      { 2009 }, 
       publisher = { Lulu },
}

@Book{JSSP, 
       author =    { Ali M. and S. Zalzala and Peter J. Fleming }, 
       title =     { Genetic algorithms in engineering systems },
       year =      { 1999 }, 
       publisher = { Institution of Engineering and Technology (IET) },
}