@inproceedings{Davis85,
  AUTHOR = {L. Davis},
  TITLE = {Job Shop Scheduling with Genetic Algorithm},
  YEAR = 1985,
  BOOKTITLE = {Proc.\ of the International Conference on Genetic Algorithms and Their Applications},
  ADDRESS = {Pittsburgh, PA},
  PAGES = {136-140},
  KEYWORDS = {}}

@MISC{Ghaemi_usinga,
    author = {Sehraneh Ghaemi},
    title = {USING A GENETIC ALGORITHM OPTIMIZER TOOL TO SOLVE UNIVERSITY TIMETABLE SCHEDULING PROBLEM},
    year = {}
}

@article{10.1109/ICISE.2009.1281,
	author = {Xia Wang and Lin Huang and Qing Zou},
	title = {The Research on Multi-Strategy Course Scheduling Algorithm},
	journal ={Information Science and Engineering, International Conference on},
	volume = {0},
	isbn = {978-0-7695-3887-7},
	year = {2009},
	pages = {2419-2422},
	doi = {http://doi.ieeecomputersociety.org/10.1109/ICISE.2009.1281},
	publisher = {IEEE Computer Society},
	address = {Los Alamitos, CA, USA},
}


  

